<?xml version="1.0" encoding="UTF-8"?><collection xmlns="http://www.loc.gov/MARC21/slim"><record><leader>00653nam--2200169-i-4500</leader><controlfield tag="001">000018235</controlfield><controlfield tag="002">20161230</controlfield><controlfield tag="005">20161230201032</controlfield><controlfield tag="008">060222s1000------------r-----000-0-eng-d</controlfield><datafield ind1=" " ind2=" " tag="040"><subfield code="a">IFIN-HH</subfield></datafield><datafield ind1=" " ind2=" " tag="080"><subfield code="a">539.12.04</subfield></datafield><datafield ind1="1" ind2=" " tag="110"><subfield code="a">National Academy Of Science</subfield></datafield><datafield ind1="1" ind2="0" tag="245"><subfield code="a">The effects of atomic radiation on oceanography and fisheries</subfield><subfield code="b">Report of the comittee on effects of atomic radiation on oceanography and fisheries of the national academy of science study of the biological effects of atomic radiation</subfield></datafield><datafield ind1=" " ind2=" " tag="260"><subfield code="a">Washington</subfield><subfield code="b">National Academy Of Science</subfield><subfield code="c">1957</subfield></datafield><datafield ind1=" " ind2=" " tag="300"><subfield code="a">IX + 137 P</subfield></datafield><datafield ind1=" " ind2=" " tag="852"><subfield code="a">13829</subfield><subfield code="c">539.12.04</subfield></datafield><datafield ind1=" " ind2=" " tag="CAT"><subfield code="a">Sys</subfield><subfield code="c">20120202</subfield><subfield code="h">160753</subfield></datafield></record></collection>